<record><leader>00000cas a22000007a 4500</leader><controlfield tag="001">17003229</controlfield><controlfield tag="008">871119d191419uumsudr ne      0    0eng d</controlfield><datafield ind1=" " ind2=" " tag="010"><subfield code="a">sn 87065741 </subfield></datafield><datafield ind1=" " ind2=" " tag="040"><subfield code="a">MSJ</subfield><subfield code="b">eng</subfield><subfield code="c">MSJ</subfield><subfield code="d">OCLCQ</subfield></datafield><datafield ind1=" " ind2=" " tag="042"><subfield code="a">msc</subfield></datafield><datafield ind1="0" ind2=" " tag="130"><subfield code="a">Daily enterprise (Amory, Miss.)</subfield></datafield><datafield ind1="1" ind2="0" tag="245"><subfield code="a">Daily enterprise.</subfield></datafield><datafield ind1=" " ind2=" " tag="260"><subfield code="a">Amory, Miss. :</subfield><subfield code="b">Amory Publicity Co.,</subfield><subfield code="c">1914-</subfield></datafield><datafield ind1=" " ind2=" " tag="310"><subfield code="a">Daily</subfield></datafield><datafield ind1="0" ind2=" " tag="362"><subfield code="a">Vol. 1, no. 1 (Mar. 16, 1914)-</subfield></datafield><datafield ind1=" " ind2=" " tag="752"><subfield code="a">United States</subfield><subfield code="b">Mississippi</subfield><subfield code="c">Monroe</subfield><subfield code="d">Amory.</subfield></datafield></record>